%% This BibTeX bibliography file was created using BibDesk.
%% http://bibdesk.sourceforge.net/

@misc{StackOverflow2020,
author = {{Stack Overflow}},
title = {{Stack Overflow Developer Survey 2020}},
url = {https://insights.stackoverflow.com/survey/2020#technology-most-loved-dreaded-and-wanted-languages-loved},
urldate = {2021-05-02},
year = {2020}
}

@misc{Rust10,
  author        = {{The Rust Core Team}},
  title         = {Announcing Rust 1.0},
  year          = {2015},
  date          = {2015-05-15},
  url           = {https://blog.rust-lang.org/2015/05/15/Rust-1.0.html},
  urldate       = {2021-06-28},
}

@InProceedings{cadar2008klee,
  author        = {Cadar, Cristian and Dunbar, Daniel and Engler, Dawson},
  title         = {Klee: unassisted and automatic generation of high-coverage tests for complex systems programs.},
  booktitle     = {OSDI},
  year          = {2008},
  volume        = {8},
  pages         = {209--224},
}



@Misc{Microsoft2019MemoryBugs,
  author   = {Matt Miller},
  title    = {Trends, challenges, and strategic shifts in the software vulnerability mitigation landscape},
  year     = {2019},
  comment  = {Microfosft's Pr채sentation 체ber die Anzahl von Speicher-spezifischen Bugs in ihrer Software.},
  date     = {2019-02-07},
  keywords = {microsoft, memory},
  url      = {https://github.com/Microsoft/MSRC-Security-Research/blob/master/presentations/2019_02_BlueHatIL/2019_01%20-%20BlueHatIL%20-%20Trends%2C%20challenge%2C%20and%20shifts%20in%20software%20vulnerability%20mitigation.pdf},
}


@Misc{MicrosoftJoinsRust,
  author  = {Nell Shamrell-Harrington},
  title   = {Microsoft joins Rust Foundation},
  year    = {2021},
  comment = {Microsoft Blog erz채hlt, dass Microsoft in OSS Rust Foundation eingestiegen ist.},
  date    = {2021-02-08},
  url     = {https://cloudblogs.microsoft.com/opensource/2021/02/08/microsoft-joins-rust-foundation/},
}


@Misc{AmazonLovesRust,
  author  = {Matt Asay},
  title   = {Why AWS loves Rust, and how we'd like to help},
  year    = {2020},
  date    = {2020-11-24},
  url     = {https://aws.amazon.com/de/blogs/opensource/why-aws-loves-rust-and-how-wed-like-to-help/},
  urldate = {2021-06-28},
}


@Misc{RustInAndroid,
  author = {Stoep, Jeff Vander and Hines, Stephen},
  title  = {Rust in the Android platform},
  year   = {2021},
  date   = {2021-04-06},
  url    = {https://security.googleblog.com/2021/04/rust-in-android-platform.html},
}


@Misc{GoogleRustFoundation,
  author  = {Lars Bergstrom},
  title   = {Google joins the Rust Foundation},
  year    = {2021},
  comment = {Google 체ber ihre Systeme, die mit Rust geschrieben wurden.},
  date    = {2021-02-08},
  url     = {https://opensource.googleblog.com/2021/02/google-joins-rust-foundation.html},
}
